@misc{tuf2024,
	title = {The Update Framework (TUF) Specification},
	author = {{The Update Framework}},
	year = {2024},
	url = {https://theupdateframework.github.io/specification/latest/}
}

@misc{thalesdocs,
	title = {Hardware Security Modules (HSMs)},
	author = {Thales Group},
	year = {2024},
	url = {https://thalesdocs.com/hsm/overview/}
}


@misc{hawkbit,
	title = {Eclipse hawkBit},
	author = {Eclipse Foundation},
	year = {2024},
	url = {https://eclipse.dev/hawkbit/}
}

@misc{hashicorp_vault,
	title = {HashiCorp Vault - Manage Secrets and Protect Sensitive Data},
	author = {HashiCorp},
	year = {2024},
	url = {https://developer.hashicorp.com/vault}
}

@misc{psutil,
	title = {psutil - cross-platform library for retrieving information on running processes and system utilization for Python},
	author = {psutil},
	year = {2024},
	url = {https://psutil.readthedocs.io/en/latest/}
}


@ARTICLE{7902207,
	author={Yang, Yuchen and Wu, Longfei and Yin, Guisheng and Li, Lijie and Zhao, Hongbin},
	journal={IEEE Internet of Things Journal}, 
	title={A Survey on Security and Privacy Issues in Internet-of-Things}, 
	year={2017},
	volume={4},
	number={5},
	pages={1250-1258},
	keywords={Encryption;Authentication;Internet;Privacy;Software;Internet-of-Things (IoT);privacy;security;survey},
	doi={10.1109/JIOT.2017.2694844}
}

@misc{nist_sp800-38d,
	title = {Recommendation for Block Cipher Modes of Operation: Galois/Counter Mode (GCM) and GMAC},
	author = {Morris Dworkin},
	year = {2007},
	url = {https://doi.org/10.6028/NIST.SP.800-38D}
}


@misc{iso27003,
	title = {ISO/IEC 27003:2017 - Information technology — Security techniques — Information security management systems — Guidance},
	author = {{International Organization for Standardization}},
	year = {2017},
	url = {https://www.iso.org/standard/63412.html}
}